@book{Morita,
    title={微分形式の幾何学},
    author={森田茂之},
    year={2005},
    publisher={岩波書店},
    language={Japanese}
},

@book{Tamaki,
    title={ファイバー束とホモトピー},
    author={玉木大},
    year={2020},
    publisher={森北出版株式会社},
    language={Japanese}
}, 

@book{Shiho,
    title={層とホモロジー代数},
    author={志甫淳},
    year={2016},
    publisher={共立出版},
    language={Japanese}

}, 

@book{Imano,
    title={微分幾何学},
    author={今野宏},
    year={2019},
    publisher={東京大学出版会},
    language={Japanese}

}, 

@book{Nariya,
    title={トポロジーの基礎 上・下},
    author={河澄響矢},
    year={2022},
    publisher={東京大学出版会},
    language={Japanese}

}, 

@book{Brendan,
    title={活躍する圏論}, 
    author={Brendan Fong and David I. Spivak},
    year={2023},
    publisher={共立出版},
    note={川辺治之 訳},
    language = {Japanese},
}, 

@book{Awodey,
    title={Category Theory}, 
    author={Steve Awodey},
    edition={Second},
    year={2010},
    publisher={Oxford University Press},

}, 


@book{Lee12,
    title={Introduction  to Smooth Manifolds},
    author={John M. Lee},
    edition={Second},
    year={2012},
    publisher={Springer New York, NY},
}, 


@book{Hatcher,
    title={Algebraic Topology},
    author={Allen Hatcher},
    year={2001},
    publisher={Cambridge University Press},

},


@book{DK,
    title={Lecture Notes in Algebraic Topology},
    author={Davis, James F.  and Kirk, Paul},
    year={1991},
    publisher={Cambridge University Press}

},

@book {Milnor,
    title = {Characteristic Classes},
    author = {John Milnor and James D. Stasheff},
    publisher = {Princeton University Press},
    % doi = {doi:10.1515/9781400881826},
    % isbn = {9781400881826},
    year = {1974}
},

@book{Spanier1966,
    author={Spanier, Edwin H.},
    title={Algebraic Topology},
    year={1966},
    publisher={Springer New York},
    % abstract="topology is the study of topological spaces and continuous functions between them. A standard problem is the classification of such spaces and functions up to homeomorphism. A weaker equivalence relation, based on continuous deformation, leads to another classification problem. This latter classification problem is of fundamental importance in algebraic topology, since it is the one where the tools available seem to be most successful.",
    % isbn={978-1-4684-9322-1},
    % doi={10.1007/978-1-4684-9322-1_2}
% url="https://doi.org/10.1007/978-1-4684-9322-1_2"
},

@article{EGH,

author={Eguchi,Tohru and Gilkey,Peter B. and Hanson,Andrew J.},

year={1980},

title={Gravitation, gauge theories and differential geometry},

journal={Physics reports},

volume={66},

number={6},

pages={213-393},

isbn={0370-1573},

language={English},

},


@article{Steenrod67,
    author          = {N. Steenrod},
    journal         = {Michigan Math},
    title           = {A convenient category of topological spaces. J.},
    volume          = {14},
    year            = {1967}
}