@book{Morita,
    title={微分形式の幾何学},
    author={森田茂之},
    year={2005},
    publisher={岩波書店},
    language={Japanese}
},

@book{Tamaki,
    title={ファイバー束とホモトピー},
    author={玉木大},
    year={2020},
    publisher={森北出版株式会社},
    language={Japanese}
}, 

@book{Shiho,
    title={層とホモロジー代数},
    author={志甫淳},
    year={2016},
    publisher={共立出版},
    language={Japanese}

}, 

@book{Imano,
    title={微分幾何学},
    author={今野宏},
    year={2019},
    publisher={東京大学出版会},
    language={Japanese}

}, 

@book{Nariya,
    title={トポロジーの基礎 上・下},
    author={河澄響矢},
    year={2022},
    publisher={東京大学出版会},
    language={Japanese}

}, 


@book{Yukie,
    title={代数学1・2・3},
    author={雪江明彦},
    year={2010},
    publisher={日本評論社},
    language={Japanese}
}, 


@book{Nomura,
    title={球面調和関数と群の表現},
    author={野村隆昭},
    year={2018},
    publisher={日本評論社},
    language={Japanese}
}, 


@book{Matuzaka,
    title={集合・位相入門},
    author={松坂和夫},
    year={1968},
    publisher={岩波書店},
    language={Japanese}
}, 

@book{Nakahara2018topo1,
  title={\rm{}理論物理学のための幾何学とトポロジー\rm{I} 原著第\rm{2}版},
  author={中原幹夫 and 佐久間一浩},
  publisher={日本評論社},
  year={2018}
},

@book{Nakahara2018topo2,
  title={理論物理学のための幾何学とトポロジー\rm{II} 原著第\rm{2}版},
  author={中原幹夫 and 久木田真吾 and 佐久間一浩 and 綿村尚毅},
  publisher={日本評論社},
  year={2021}
},

@book{Brendan,
    title={活躍する圏論}, 
    author={Brendan Fong and David I. Spivak},
    year={2023},
    publisher={共立出版},
    note={川辺治之 訳},
    language = {Japanese},
}, 

@book{Awodey,
    title={Category Theory}, 
    author={Steve Awodey},
    edition={Second},
    year={2010},
    publisher={Oxford University Press},

}, 


@book{Lee12,
    title={Introduction  to Smooth Manifolds},
    author={John M. Lee},
    edition={Second},
    year={2012},
    publisher={Springer New York, NY},
},

@book{Tu2017differential,
  title={Differential geometry: connections, curvature, and characteristic classes},
  author={Tu, Loring W},
  year={2017},
  publisher={Springer}
},

@article{EGH,

author={Eguchi,Tohru and Gilkey,Peter B. and Hanson,Andrew J.},

year={1980},

title={Gravitation, gauge theories and differential geometry},

journal={Physics reports},

volume={66},

number={6},

pages={213-393},

isbn={0370-1573},

language={English},

},